<?xml version="1.0" encoding="UTF-8"?><collection xmlns="http://www.loc.gov/MARC21/slim"><record><leader>00416nam--2200157-i-4500</leader><controlfield tag="001">000032156</controlfield><controlfield tag="002">20161230</controlfield><controlfield tag="005">20161230201039</controlfield><controlfield tag="008">060222s1000------------r-----000-0-eng-d</controlfield><datafield ind1=" " ind2=" " tag="040"><subfield code="a">IFIN-HH</subfield></datafield><datafield ind1="1" ind2=" " tag="100"><subfield code="a">Marcu Gh</subfield></datafield><datafield ind1="1" ind2="0" tag="245"><subfield code="a">Chimia elementelor radioactive</subfield><subfield code="c">Gheorghe marcu</subfield></datafield><datafield ind1=" " ind2=" " tag="260"><subfield code="a">Buccuresti, Editura Didactica Si Pedagogica, 1962,</subfield></datafield><datafield ind1=" " ind2=" " tag="300"><subfield code="a">563P</subfield></datafield><datafield ind1=" " ind2=" " tag="852"><subfield code="a">8268</subfield><subfield code="c">541.15</subfield></datafield><datafield ind1=" " ind2=" " tag="CAT"><subfield code="a">Sys</subfield><subfield code="c">20101004</subfield><subfield code="h">130008</subfield></datafield></record></collection>